@INPROCEEDINGS {FOCS:CMSZ22,
author = {A. Chiesa and F. Ma and N. Spooner and M. Zhandry},
booktitle = {2021 IEEE 62nd Annual Symposium on Foundations of Computer Science (FOCS)},
title = {Post-Quantum Succinct Arguments: Breaking the Quantum Rewinding Barrier},
year = {2022},
volume = {},
issn = {},
pages = {49-58},
keywords = {heart;hash functions;computer science;quantum computing;probabilistic logic;cryptography;standards},
doi = {10.1109/FOCS52979.2021.00014},
url = {https://doi.ieeecomputersociety.org/10.1109/FOCS52979.2021.00014},
publisher = {IEEE Computer Society},
address = {Los Alamitos, CA, USA},
month = {feb}
}

@inproceedings{EC:WeeWu23,
    author       = {Hoeteck Wee and
                    David J. Wu},
    title        = {Succinct Vector, Polynomial, and Functional Commitments from Lattices},
    booktitle    = {EUROCRYPT 2023},
    year         = {2023},
    note = {To appear},
}



@inproceedings{CCC:IshKusOst07,
  author    = {Yuval Ishai and
               Eyal Kushilevitz and
               Rafail Ostrovsky},
  title     = {Efficient Arguments without Short PCPs},
  booktitle = {22nd Annual {IEEE} Conference on Computational Complexity {(CCC} 2007),
               13-16 June 2007, San Diego, California, {USA}},
  pages     = {278--291},
  publisher = {{IEEE} Computer Society},
  year      = {2007},
  url       = {https://doi.org/10.1109/CCC.2007.10},
  doi       = {10.1109/CCC.2007.10},
  timestamp = {Tue, 21 Jul 2020 19:04:52 +0200},
  biburl    = {https://dblp.org/rec/conf/coco/IshaiKO07.bib},
  bibsource = {dblp computer science bibliography, https://dblp.org}
}

@Article{Micciancio07,
  author       = {Daniele Micciancio},
  title        = {Generalized Compact Knapsacks, Cyclic Lattices, and Efficient One-Way Functions},
  journal      = {Comput. Complex.},
  year         = 2007,
  volume       = 16,
  number       = 4,
  pages        = {365-411},
  doi          = {10.1007/s00037-007-0234-9},
  url          = {https://doi.org/10.1007/s00037-007-0234-9},
}

@article{Bonneau2020CodaDC,
  author       = {Joseph Bonneau and Izaak Meckler and Vanishree Rao and Evan Shapiro},
  title        = {Coda: Decentralized Cryptocurrency at Scale},
  journal      = {IACR Cryptol. ePrint Arch.},
  year         = 2020,
  volume       = 2020,
  pages        = 352,
}


@article{BomVaa83,
  author       = {Bombieri, Enrico and Vaaler, Jeffrey},
  title        = {On {S}iegel's Lemma},
  journal      = {Inventiones Mathematicae},
  year         = 1983,
  volume       = 73,
  number       = 1,
  pages        = {11-32},
  publisher    = {Springer},
}

@article{Campanelli2020VectorCT,
  title={Vector Commitment Techniques and Applications to Verifiable Decentralized Storage},
  author={Matteo Campanelli and Dario Fiore and Nicola Greco and Dimitris Kolonelos and Luca Nizzardo},
  journal={IACR Cryptol. ePrint Arch.},
  year={2020},
  volume={2020},
  pages={149}
}

@misc{cryptoeprint:2021:1043,
    author       = {Alexander Golovnev and
		    Jonathan Lee and
		    Srinath Setty and
		    Justin Thaler and
		    Riad S. Wahby},
    title        = {Brakedown: Linear-time and post-quantum SNARKs for R1CS},
    howpublished = {Cryptology ePrint Archive, Report 2021/1043},
    year         = {2021},
    note         = {\url{https://ia.cr/2021/1043}},
}

@misc{PeiPepSha21,
    author       = {Chris Peikert and
		    Zachary Pepin and
		    Chad Sharp},
    title        = {Vector and Functional Commitments from Lattices},
    howpublished = {Cryptology ePrint Archive, Report 2021/1254},
    year         = {2021},
    note         = {\url{https://ia.cr/2021/1254}},
}

@inproceedings{C:LaiMal23,
  author       = {Russell W. F. Lai and
                  Giulio Malavolta},
  title        = {Lattice-based Timed-Cryptography},    
  booktitle    = {CRYPTO 2023},
  year         = {2023},
}



@article{ZhaChe17,
  author       = {Zhang, Jun and Cheng, Qi},
  title        = {An Efficient Version of the {B}ombieri-{V}aaler Lemma},
  journal      = {arXiv preprint arXiv:1707.05941},
  year         = 2017,
}

@inproceedings{setty2020spartan,
  title={Spartan: Efficient and general-purpose zkSNARKs without trusted setup},
  author={Setty, Srinath},
  booktitle={Annual International Cryptology Conference},
  pages={704--737},
  year={2020},
  organization={Springer}
}

@article{bonneau2020coda,
  title={Coda: Decentralized cryptocurrency at scale},
  author={Bonneau, Joseph and Meckler, Izaak and Rao, Vanishree and Shapiro, Evan},
  journal={Cryptology ePrint Archive},
  year={2020}
}

@phdthesis{PhD:Laarhoven15,
  author       = {Thijs Laarhoven},
  title        = {Search problems in cryptography: From fingerprinting to lattice sieving},
  school       = {Eindhoven University of Technology},
  year         = 2015,
}

@Article{SchEuc94,
  author       = {Claus{-}Peter Schnorr and Michael Euchner},
  title        = {Lattice basis reduction: Improved practical algorithms and solving subset sum problems},
  journal      = {Math. Program.},
  year         = 1994,
  volume       = 66,
  pages        = {181-199},
  doi          = {10.1007/BF01581144},
  url          = {https://doi.org/10.1007/BF01581144},
}

@inproceedings{boneh2021halo,
  title={Halo infinite: Proof-carrying data from additive polynomial commitments},
  author={Boneh, Dan and Drake, Justin and Fisch, Ben and Gabizon, Ariel},
  booktitle={Annual International Cryptology Conference},
  pages={649--680},
  year={2021},
  organization={Springer}
}



@Article{MulSto04,
  author       = {Thom Mulders and Arne Storjohann},
  title        = {Certified dense linear system solving},
  journal      = {J. Symb. Comput.},
  year         = 2004,
  volume       = 37,
  number       = 4,
  pages        = {485-510},
  doi          = {10.1016/j.jsc.2003.07.004},
  url          = {https://doi.org/10.1016/j.jsc.2003.07.004},
}

@InProceedings{ANTS:HofPipSil98,
  author       = {Jeffrey Hoffstein and Jill Pipher and Joseph H. Silverman},
  title        = {{NTRU}: A Ring-Based Public Key Cryptosystem},
  booktitle    = {ANTS},
  year         = 1998,
  pages        = {267-288},
}

@misc{HofPipSil96,
  author       = {Jeffrey Hoffstein and Jill Pipher and Joseph H. Silverman},
  title        = {{NTRU}: A New High Speed Public Key Cryptosystem},
  year         = 1996,
  note         = {Draft Distributed at Crypto'96, available at \url{http://web.securityinnovation.com/hubfs/files/ntru-orig.pdf}},
}

@misc{EPRINT:PelSte21,
  author       = {Alice Pellet-Mary and Damien Stehlé},
  title        = {On the hardness of the NTRU problem},
  howpublished = {Cryptology ePrint Archive, Report 2021/821},
  year         = 2021,
  note         = {\url{https://ia.cr/2021/821}},
}


@inproceedings{esgin2020post,
  title={Post-quantum adaptor signatures and payment channel networks},
  author={Esgin, Muhammed F and Ersoy, O{\u{g}}uzhan and Erkin, Zekeriya},
  booktitle={European Symposium on Research in Computer Security},
  pages={378--397},
  year={2020},
  organization={Springer}
}

@misc{EPRINT:DucWoe21,
  author       = {Léo Ducas and Wessel van Woerden},
  title        = {NTRU Fatigue: How Stretched is Overstretched?},
  howpublished = {Cryptology ePrint Archive, Report 2021/999},
  year         = 2021,
  note         = {\url{https://ia.cr/2021/999}},
}

@inproceedings{tairi2021post,
  title={Post-quantum adaptor signature for privacy-preserving off-chain payments},
  author={Tairi, Erkan and Moreno-Sanchez, Pedro and Maffei, Matteo},
  booktitle={International Conference on Financial Cryptography and Data Security},
  pages={131--150},
  year={2021},
  organization={Springer}
}

@inproceedings{tairi20212,
  title={A 2 l: Anonymous atomic locks for scalability in payment channel hubs},
  author={Tairi, Erkan and Moreno-Sanchez, Pedro and Maffei, Matteo},
  booktitle={2021 IEEE Symposium on Security and Privacy (SP)},
  pages={1834--1851},
  year={2021},
  organization={IEEE}
}

@inproceedings{aumayr2021bitcoin,
  title={Bitcoin-compatible virtual channels},
  author={Aumayr, Lukas and Maffei, Matteo and Ersoy, O{\u{g}}uzhan and Erwig, Andreas and Faust, Sebastian and Riahi, Siavash and Host{\'a}kov{\'a}, Kristina and Moreno-Sanchez, Pedro},
  booktitle={2021 IEEE Symposium on Security and Privacy (SP)},
  pages={901--918},
  year={2021},
  organization={IEEE}
}

@Misc{AC:Agrawal20,
  author       = {Shweta Agrawal},
  title        = {Unlikely Friendships: The Fruitful Interplay of Cryptography Assumptions},
  howpublished = {Invited talk at {ASIACRYPT} 2020},
  month        = Dec,
  year         = 2020,
  note         = {\url{https://youtu.be/Owz8UuWTsqg}},
}


@inproceedings{erwig2021two,
  title={Two-party adaptor signatures from identification schemes},
  author={Erwig, Andreas and Faust, Sebastian and Host{\'a}kov{\'a}, Kristina and Maitra, Monosij and Riahi, Siavash},
  booktitle={IACR International Conference on Public-Key Cryptography},
  pages={451--480},
  year={2021},
  organization={Springer}
}

@Misc{Ma20,
  author       = {Fermi Ma},
  title        = {Quantum-Secure Commitments and Collapsing Hash Functions},
  howpublished = {\url{https://www.cs.princeton.edu/~fermim/talks/collapse-binding.pdf}},
  month        = Apr,
  year         = 2020,
}


@misc{Gross21,
  author       = {Jonathan Gross},
  title        = {Practical SNARK based VDF},
  year         = 2021,
  note         = {\url{https://zkproof.org/2021/11/24/practical-snark-based-vdf/}},
}

@inproceedings{10.1145/3460120.3484572,
  author       = {Ishai, Yuval and Su, Hang and Wu, David J.},
  title        = {Shorter and Faster Post-Quantum Designated-Verifier ZkSNARKs from Lattices},
  booktitle    = {Proceedings of the 2021 ACM SIGSAC Conference on Computer and Communications Security},
  year         = 2021,
  publisher    = {Association for Computing Machinery},
  url          = {https://doi.org/10.1145/3460120.3484572},
  doi          = {10.1145/3460120.3484572},
}

@inproceedings {247650,
  author       = {Manu Drijvers and Sergey Gorbunov and Gregory Neven and Hoeteck Wee},
  title        = {Pixel: Multi-signatures for Consensus},
  booktitle    = {29th USENIX Security Symposium (USENIX Security 20)},
  year         = 2020,
  pages        = {2093-2110},
  month        = aug,
  publisher    = {USENIX Association},
  isbn         = {978-1-939133-17-5},
  url          = {https://www.usenix.org/conference/usenixsecurity20/presentation/drijvers},
}

@inproceedings{aumayr2021generalized,
  title={Generalized channels from limited blockchain scripts and adaptor signatures},
  author={Aumayr, Lukas and Ersoy, Oguzhan and Erwig, Andreas and Faust, Sebastian and Host{\'a}kov{\'a}, Kristina and Maffei, Matteo and Moreno-Sanchez, Pedro and Riahi, Siavash},
  booktitle={International Conference on the Theory and Application of Cryptology and Information Security},
  pages={635--664},
  year={2021},
  organization={Springer}
}

@inproceedings{chen2021does,
  title={Does Fiat-Shamir Require a Cryptographic Hash Function?},
  author={Chen, Yilei and Lombardi, Alex and Ma, Fermi and Quach, Willy},
  booktitle={Annual International Cryptology Conference},
  pages={334--363},
  year={2021},
  organization={Springer}
}

@Article{Lenstra77,
  author       = {Lenstra, Hendrik W},
  title        = {Euclidean number fields of large degree},
  journal      = {Inventiones math.},
  year         = 1977,
  volume       = 38,
  pages        = {237-254},
}

@article{KobMen10,
  author       = {Koblitz, Neal and Menezes, Alfred},
  title        = {The brave new world of bodacious assumptions in cryptography},
  journal      = {Notices of the American Mathematical Society},
  year         = 2010,
  volume       = 57,
  number       = 3,
  pages        = {357-365},
}


@Article{DCC:LanSte15,
  author       = {Adeline Langlois and Damien Stehl{\'e}},
  title        = {Worst-case to average-case reductions for module lattices},
  journal      = {Designs, Codes and Cryptography},
  year         = 2015,
  volume       = 75,
  number       = 3,
  pages        = {565-599},
  month        = jun,
  CODEN        = {DCCREC},
  DOI          = {http://dx.doi.org/10.1007/s10623-014-9938-4},
}

@Misc{BonKim20,
  author       = {Dan Boneh and Sam Kim},
  title        = {One-Time and Interactive Aggregate Signatures from Lattices},
  howpublished = {\url{https://crypto.stanford.edu/~skim13/agg_ots.pdf}},
  year         = 2020,
}


@Misc{CamGroShe14,
  author       = {Peter Campbell and Michael Groves and Dan Shepherd},
  title        = {Soliloquy: {A} cautionary tale},
  howpublished = {Available at \url{http://docbox.etsi.org/Workshop/2014/201410_CRYPTO/S07_Systems_and_Attacks/S07_Groves_Annex.pdf}},
  year         = 2014,
}

@Misc{Bernstein14,
  author       = {Daniel J.~Bernstein},
  title        = {A subfield-logarithm attack against ideal lattices: {C}omputational algebraic number theory tackles lattice-based cryptography},
  howpublished = {The cr.yp.to blog, \url{https://blog.cr.yp.to/20140213-ideal.html}},
  year         = 2014,
}

@book{matcomp,
  author = {Gene H. Golub and Charles F. Van Loan},
  title = {Matrix Computations (3rd Ed.)},
  year = {1996},
  isbn = {0801854148},
  publisher = {Johns Hopkins University Press},
  address = {USA}
}



@Misc{AC:WeeWu23,
  author       = {Hoeteck Wee and David Wu},
  title        = {Lattice-Based Functional Commitments: Fast Verification and Cryptanalysis},
  booktitle    = {ASIACRYPT 2023},
    year         = {2023},
    note = {To appear},
}



@misc{RR,
  title = {RoK and Roll -- Verifier-Efficient Random Projection for $\tilde{O}(\lambda)$-size Lattice Arguments},
  howpublished = {Submitted to Asiacrypt 2025},
  author = {Anonymous Authors},
  year = {2025}
}


@misc{CC,
  title = {CootieCatcher -- Linear-time Norm Check and R1CS Arguments from Lattices},
  howpublished = {Submitted to Asiacrypt 2025},
  author = {Anonymous Authors},
  year = {2025}
}
